@techreport{braun:inria-00074040,
  TITLE = {{An Experimental User Level Implementation of TCP}},
  AUTHOR = {Braun, Torsten and Diot, Christophe and Hoglander, Anna and Roca, Vincent},
  URL = {https://hal.inria.fr/inria-00074040},
  NUMBER = {RR-2650},
  INSTITUTION = {{INRIA}},
  YEAR = {1995},
  MONTH = Sep,
  KEYWORDS = {TCP ; USER LEVEL. HIGH PERFORMANCE ; PROTOCOL IMPLEMENTATION ; ALF ; ILP},
  PDF = {https://hal.inria.fr/inria-00074040/file/RR-2650.pdf},
  HAL_ID = {inria-00074040},
  HAL_VERSION = {v1},
}
@misc{lwip,
    title = {{Design and Implementation of the lwIP TCP/IP Stack}},
    author = {Dunkels, Adam},
    year = {2001},
    institution = {{SICS}},
    doi = {10.1.1.109.1795},
    pdf = {http://citeseerx.ist.psu.edu/viewdoc/download?doi=10.1.1.109.1795\&rep=rep1\&type=pdf},
    url = {http://citeseerx.ist.psu.edu/viewdoc/summary?doi=10.1.1.109.1795}
}
@manual{tpacket,
    title = {\texttt{packet\_mmap} documentation},
    author = {Linux Kernel Development Team},
    url = {https://www.kernel.org/doc/Documentation/networking/packet_mmap.txt}
}
