@techreport{braun:inria-00074040,
  TITLE = {{An Experimental User Level Implementation of TCP}},
  AUTHOR = {Braun, Torsten and Diot, Christophe and Hoglander, Anna and Roca, Vincent},
  URL = {https://hal.inria.fr/inria-00074040},
  NUMBER = {RR-2650},
  INSTITUTION = {{INRIA}},
  YEAR = {1995},
  MONTH = Sep,
  KEYWORDS = {TCP ; USER LEVEL. HIGH PERFORMANCE ; PROTOCOL IMPLEMENTATION ; ALF ; ILP},
  PDF = {https://hal.inria.fr/inria-00074040/file/RR-2650.pdf},
  HAL_ID = {inria-00074040},
  HAL_VERSION = {v1},
}
